@book{RivoluzioniIndustriali,
  author         = {Battilossi, S.},
  title          = {{L}e {R}ivoluzioni {I}ndustriali},
  publisher      = {Carocci},
  year           = {2002}
}

@online{Industry4.0,
  author = {IBM},
  title = {{C}he {C}os'è l'{I}ndustry 4.0?},
  url = {https://www.ibm.com/it-it/topics/industry-4-0},
  note = {\url{https://www.ibm.com/it-it/topics/industry-4-0}}
}

@online{Adipso,
  author = {Adipso},
  title = {{A}ttività},
  url = {https://adipso.it/pages/attivita.html},
  note = {\url{https://adipso.it/pages/attivita.html}}
}

@online{IntroduzionePLC,
  author = {Canducci, L.},
  title = {{I}ntroduzione ai {PLC}},
  url = {https://leonardocanducci.org/wiki/tp4/introduzione_ai_plc},
  note = {\url{https://leonardocanducci.org/wiki/tp4/introduzione_ai_plc}}
}

@book{PLC,
  author         = {Gottardo, M.},
  title          = {{L}et's {P}rogram {A} {P}lc},
  publisher      = {Lulu.com},
  year           = {2012}
}

@book{Scada, 
  author         = {Stuart Boyer, A.},
  title          = {{SCADA}. {S}upervisory {C}ontrol and {D}ata {A}cquisition},
  publisher      = {International Society of Automation},
  year           = {2010}
}

@book{ScadaNetwork,
  author         = {Hieb, J.},
  title          = {{S}ecurity {H}ardened {R}emote {T}erminal {U}nits for {SCADA} {N}etworks},
  publisher      = {University of Louisville},
  year           = {2008}
}

@online{GAMP5,
  author = {Toniolo, M. and Favretto, E.},
  title = {La convalida dei sistemi informatici in ambito sanitario mediante l’applicazione del metodo GAMP5},
  url = {https://www.qualitaonline.it/la-convalida-dei-sistemi-informatici-in-ambito-sanitario-mediante-lapplicazione-del-metodo-gamp5},
  note = {\url{https://www.qualitaonline.it/}}
} 

@book{AnalisiRequisiti,
  author         = {Hay, D.},
  title          = {{R}equirements {A}nalysis},
  publisher      = {Prentice Hall Professional},
  year           = {2003}
}

@book{CinquePerche,
  author         = {Fantin, I.},
  title          = {{A}pplicare {I}l {P}roblem {S}olving},
  publisher      = {Createspace},
  year           = {2013}
}

@online{AngulaDocumentation,
  author = {Angular},
  title = {Angular Documentation},
  url = {https://angular.io},
  note = {\url{https://angular.io}}
} 

@online{Angular,
  author = {Barilli, S.},
  title = {Sviluppo web application in Angular},
  url = {https://www.saep-ict.it/magazine/sviluppo-web-application-angular-tutti-i-vantaggi/},
  note = {\url{https://www.saep-ict.it/magazine/sviluppo-web-application-angular-tutti-i-vantaggi/}}
} 

@online{OpenSource,
  author = {Open Source},
  title = {The Open Source Definition},
  url = {https://opensource.org/docs/osd},
  note = {\url{https://opensource.org/docs/osd/}}
} 

@online{Database,
  author = {Oracle},
  title = {Che cos'è un database?},
  url = {https://www.oracle.com/it/database/what-is-database/},
  note = {\url{https://www.oracle.com/it/database/what-is-database/}}
} 

@online{RelationalDatabase,
  author = {Oracle},
  title = {Che cos'è un database relazionale?},
  url = {https://www.oracle.com/it/database/what-is-a-relational-database/},
  note = {\url{https://www.oracle.com/it/database/what-is-a-relational-database/}}
} 

@online{RelationalDatabaseBis,
  author = {GeekandJob SRL},
  title = {Database relazionale},
  url = {https://www.geekandjob.com/wiki/database-relazionale},
  note = {\url{https://www.geekandjob.com/wiki/database-relazionale}}
} 

@online{NoSqlDatabase,
  author = {Amazon Web Services},
  title = {Cos'è NoSQL?},
  url = {https://aws.amazon.com/it/nosql/},
  note = {\url{https://aws.amazon.com/it/nosql/}}
} 

@online{NoSqlDatabasebIS,
  author = {MongoDB},
  title = {Cos'è NoSQL?},
  url = {https://www.mongodb.com/it-it/nosql-explained},
  note = {\url{https://www.mongodb.com/it-it/nosql-explained}}
} 

@online{GraphDatabase,
  author = {Ionos},
  title = {Graph database},
  url = {https://www.ionos.it/digitalguide/hosting/tecniche-hosting/database-a-grafo/},
  note = {\url{https://www.ionos.it/digitalguide/hosting/tecniche-hosting/database-a-grafo/}}
} 

@online{ObjectDatabase,
  author = {Ionos},
  title = {Database orientato agli oggetti},
  url = {https://www.ionos.it/digitalguide/hosting/tecniche-hosting/database-orientato-gli-oggetti/},
  note = {\url{https://www.ionos.it/digitalguide/hosting/tecniche-hosting/database-orientato-gli-oggetti/}}
} 

@online{HTML,
  author = {GeekandJob SRL},
  title = {HTML},
  url = {https://www.geekandjob.com/wiki/html},
  note = {\url{https://www.geekandjob.com/wiki/html}}
} 

@book{HTMLBook,
  author         = {Fantin, I.},
  title          = {{A}pplicare {I}l {P}roblem {S}olving},
  publisher      = {Createspace},
  year           = {2013}
}

@article{HTMLArticle,
  author          = {Giustozzi, C.},
  title           = {La storia dell'HTML},
  journal         = {MCmicrocomputer},
  year            = {1997},
  pages           = {316 - 320},
}

@online{TypesciprtDocumentation,
  author = {TypeScript},
  title = {TypeScript Documentation},
  url = {https://www.typescriptlang.org},
  note = {\url{https://www.typescriptlang.org}}
} 

@online{C#Guide,
  author = {Microsoft},
  title = {Guida a C\#},
  url = {https://docs.microsoft.com/it-it/dotnet/csharp/tour-of-csharp/},
  note = {\url{https://docs.microsoft.com/it-it/dotnet/csharp/tour-of-csharp/}}
} 

@book{C#Book,
  author         = {Sharp, J.},
  title          = {{M}icrosoft {V}isual {C}\# 2012},
  publisher      = {Mondadori Informatica},
  year           = {2014}
}

@online{SqlServer,
  author = {Microsoft},
  title = {Sql Server 2019},
  url = {https://www.microsoft.com/en-us/sql-server/sql-server-2019},
  note = {\url{https://www.microsoft.com/en-us/sql-server/sql-server-2019}}
} 